@inproceedings{Goasduff,
	Author = {Laurence Goasduff},
	Journal = {Gartner},
	Title = {COVID-19 Accelerates Digital Strategy Initiatives},
	Year = {2020}
}